@book{eng_app_of_soms,
  author = {T. Kohonen,O Simula},
  title = {Engineering Applications of the Self-Organizing Map},
  year = {},
}

@book{thesom,
  author = {T. Kohonen},
  title = {The Self-Organizing Map},
  year = {1990},
}

@misc{ascalablesomalg,
author = {Dmitri G. Roussinov},
title = {A Scalable Self-organizing Map Algorithm for Textual Classification: A Neural Network Approach to Thesaurus Generation},
year = {Accessed March 2013},
url ="http://arizona.openrepository.com/arizona/html/10150/106141/A Scalable-98.htm",
}


@misc{aijunkie,
author = {ai-junkie},
title = {Kohonen's Self Organizing Feature Maps},
year = {Accessed March 2013},
url = {http://www.ai-junkie.com/ann/som/som1.html},
}

@book{somvismethods,
author = {Juha Vesanto},
title = {SOM-based data visualization methods},
year = {1998},
}

@book{clustervaliditymeasurement,
author = {Ferenc Kovacs, Csaba Legany, Attila Babos},
title = {Cluster Validity Measurement Techniques},
year = {2005}
}

@book{clusteringsom,
author = {Juha Vesanto, Esa Alhoniemi},
title = {Clustering of the Self-Organizing Map},
year = {2005},
}

